% Journal articles and conference proceedings

@article{utk:idr2016optimization,
  title={Optimization and performance evaluation of the {IDR} iterative {K}rylov solver on {GPU}s},
  author={Anzt, Hartwig and Kreutzer, Moritz and Ponce, Eduardo and Peterson, Gregory D and Wellein, Gerhard and Dongarra, Jack},
  journal={International Journal of High Performance Computing Applications},
  year={2016},
  publisher={SAGE Publications},
  doi={10.1177/1094342016646844},
}

@inproceedings{utk:idr2015gpu,
  title={{GPU}-accelerated co-design of induced dimension reduction: algorithmic fusion and kernel overlap},
  author={Anzt, Hartwig and Ponce, Eduardo and Peterson, Gregory D and Dongarra, Jack},
  booktitle={Proceedings of the 2nd International Workshop on Hardware-Software Co-Design for High Performance Computing (Co-HPC'15)},
  number={5},
  year={2015},
  organization={ACM},
  isbn={9781450339926},
}

@inproceedings{utk:hsphblast2015,
    AUTHOR = "Eduardo Ponce and Gregory D. Peterson and Bhanu Rekepalli",
    TITLE = "Optimizing Genomic Sequence Searches to Next-Generation {I}ntel Architectures",
	BOOKTITLE = "Proceedings of the 7th International Conference on Bioinformatics and Computational Biology (BICoB'15)",
	VOLUME = {1},
	PUBLISHER = "ISCA",
	MONTH = "March",
    YEAR = {2015},
	ISBN = {9781510800137},
}

@article{pupr:plasma2014fpga,
  title={Adaptive Embedded Digital System for Plasma Diagnostics},
  author={Gonzalez, Angel and Rodriguez, Othoniel and Mangual, Osvaldo and Ponce, Eduardo and Velez, Xavier},
  journal={Journal of Physics: Conference Series},
  volume={511},
  issue={1},
  number={012086},
  year={2014},
  organization={IOP Publishing},
  doi={10.1088/1742-6596/511/1/012086},
}

@inproceedings{ornl:sensorfusion2012,
  title={Coherent spatio-temporal sensor fusion on a hybrid multicore processor system},
  author={Kotas, Charlotte and Ponce, Eduardo and Williams, Holly and Barhen, Jacob},
  booktitle={Proceedings of the 15th International Conference on Information Fusion (FUSION'12)},
  pages={1504--1510},
  month={July},
  year={2012},
  organization={IEEE},
  ISBN = {9781467304177},
}

@article{ornl:dmrg2011,
  title={Time evolution with the density-matrix renormalization-group algorithm: a generic implementation for strongly correlated electronic systems},
  author={Alvarez, Gonzalo and da Silva, Luis GGV Dias and Ponce, E and Dagotto, E},
  journal={Physical Review E},
  volume={84},
  issue={5},
  number={056706},
  month={Nov},
  year={2011},
  publisher={APS},
  doi={10.1103/PhysRevE.84.056706},
  url = {http://link.aps.org/doi/10.1103/PhysRevE.84.056706},
}

% Posters

@inproceedings{ornl:poplar2014gateway,
  title={Bioinformatics Analysis Tools using the {P}o{PLAR} Science Gateway},
  author={L. Harris, Mary and Ponce, Eduardo and Rekepalli, Bhanu},
  booktitle={Poster session at Oak Ridge National Laboratory},
  month={Aug},
  year={2014},
  address={Oak Ridge, TN},
}

@inproceedings{utk:hsphblast2014,
  title={Next-Generation Bioinformatics Tools on Next Generation Hybrid Architectures},
  author={Eduardo Ponce and Bhanu Rekepalli and Gregory D. Peterson},
  booktitle={Poster session at Extreme Science and Engineering Discovery Environment (XSEDE'14)},
  month={July},
  year={2014},
  address={Atlanta, GA},
}

@inproceedings{ornl:async2012gpu,
  title={Toward Asynchronous Computing on Hybrid {GPU} Systems},
  author={Jacob Barhen and Eduardo Ponce},
  booktitle={Poster session at the 7th International Conference on High-Performance and Embedded Architectures and Compilers (HiPEAC'12)},
  month={July},
  year={2012},
  address={Paris, France},
}

@inproceedings{ornl:async2011gpu,
  title={Asynchronous Computing using {CUDA} on a {T}esla {C}2050 {GPU}},
  author={Jacob Barhen and Eduardo Ponce and Houssain Kettani and Viktor Zaharov},
  booktitle={Poster session at Fall Creek Falls Conference},
  month={Sept},
  year={2011},
  address={Gatlinburg, TN},
}

@inproceedings{ornl:dmrg2010,
  title={Code Refactoring and Test Suite Development for the Density Matrix Renormalization Group Algorithm},
  author={Gonzalo Alvarez and Eduardo Ponce},
  booktitle={Poster session at Oak Ridge National Laboratory},
  month={Aug},
  year={2010},
  address={Oak Ridge, TN},
}

@inproceedings{ornl:ipcc2009,
  title={Global and {U.S.} Southeast Assessment of Precipitation: comparison of Model Simulations from the {I}ntergovernmental {P}anel on {C}limate {C}hange with Reanalysis-based Observations},
  author={Auroop Ganguly and Eduardo Ponce},
  booktitle={Poster session at Oak Ridge National Laboratory},
  month={Aug},
  year={2009},
  address={Oak Ridge, TN},
}

% Presentations

@inproceedings{utk:idr2015cohpc,
  title={{GPU}-accelerated co-design of induced dimension reduction: algorithmic fusion and kernel overlap},
  author={Anzt, Hartwig and Ponce, Eduardo and Peterson, Gregory D and Dongarra, Jack},
  booktitle={Presentation at the 2nd International Workshop on Hardware-Software Co-Design for High Performance Computing (Co-HPC'15)},
  month={Nov},
  year={2015},
  address={Austin, TX},
}

% Miscellaneous

@misc{telconuni,
  title={{Reviewer of Congreso Internacional de Telecomunicaciones (TELCON UNI), Lima, Peru}},
}

@misc{pupr:chair2010icste,
  title={{Session chair at the 2nd International Conference on Software Technology and Engineering (ICSTE'10), San Juan, PR}},
  month={Oct},
  year={2010},
}
